<?xml version="1.0" encoding="UTF-8"?><collection xmlns="http://www.loc.gov/MARC21/slim"><record><leader>00517nam--2200181-i-4500</leader><controlfield tag="001">000032265</controlfield><controlfield tag="002">20161230</controlfield><controlfield tag="005">20170131124326</controlfield><controlfield tag="008">060222s1000------------r-----000-0-rum-d</controlfield><datafield ind1=" " ind2=" " tag="040"><subfield code="a">IFIN-HH</subfield></datafield><datafield ind1=" " ind2=" " tag="041"><subfield code="a">rum</subfield></datafield><datafield ind1=" " ind2=" " tag="080"><subfield code="a">543(083):541.12.03(083)</subfield></datafield><datafield ind1="1" ind2=" " tag="100"><subfield code="a">Mazor, L.S.A</subfield></datafield><datafield ind1="1" ind2="0" tag="245"><subfield code="a">Tabele de calcul in chimia analitica. trad.din l.maghiara</subfield><subfield code="b">Traducere din l. maghiara</subfield><subfield code="c">L.S.A. Mazor</subfield></datafield><datafield ind1=" " ind2=" " tag="260"><subfield code="b">Editura Tehnica</subfield><subfield code="c">1961</subfield><subfield code="a">Bucuresti</subfield></datafield><datafield ind1=" " ind2=" " tag="300"><subfield code="a">402p</subfield></datafield><datafield ind1=" " ind2=" " tag="852"><subfield code="a">8060</subfield><subfield code="c">541.12.03</subfield></datafield><datafield ind1=" " ind2=" " tag="CAT"><subfield code="a">SYS</subfield><subfield code="c">20170131</subfield><subfield code="h">124326</subfield></datafield></record></collection>